@inproceedings{aumasson-neves-wilcoxohearn-winnerlein,
  author    = {Jean-Philippe Aumasson and
               Samuel Neves and
               Zooko Wilcox-O'Hearn and
               Christian Winnerlein},
  title     = {{BLAKE2}: Simpler, Smaller, Fast as {MD5}},
  booktitle = {Applied Cryptography and Network Security -- {ACNS} 2013},
  year      = {2013},
  pages     = {119--135},
  publisher = {Springer},
  series    = {Lecture Notes in Computer Science},
  volume    = {7954},
}

@inproceedings{bernhard-pereira-warinschi,
  author    = {David Bernhard and
               Olivier Pereira and
               Bogdan Warinschi},
  title     = {How Not to Prove Yourself: Pitfalls of the {F}iat-{S}hamir Heuristic
               and Applications to {H}elios},
  booktitle = {Advances in Cryptology -- {A}siacrypt 2012},
  year      = {2012},
  pages     = {626--643},
  publisher = {Springer},
  series    = {Lecture Notes in Computer Science},
  volume    = {7658},
  editor    = {Xiaoyun Wang and
               Kazue Sako},
}

@inproceedings{sponge,
    author =        {G. Bertoni and J. Daemen and M. Peeters and G. Van Assche},
    title =         {Sponge functions},
    booktitle =     {Proceedings of the Ecrypt Hash Workshop 2007},
    publisher =     {Ecrypt},
    year =          {2007},
}

@inproceedings{buchmann-dahmen-ereth-huelsing-rueckert,
  author    = {Johannes Buchmann and
               Erik Dahmen and
               Sarah Ereth and
               Andreas H{\"u}lsing and
               Markus R{\"u}ckert},
  title     = {On the Security of the {W}internitz One-Time Signature Scheme},
  booktitle = {Progress in Cryptology -- {A}fricacrypt 2011},
  year      = {2011},
  pages     = {363--378},
  publisher = {Springer},
  series    = {Lecture Notes in Computer Science},
  volume    = {6737},
}

@inproceedings{buchmann-dahmen-huelsing,
  author    = {Johannes Buchmann and
               Erik Dahmen and
               Andreas H{\"u}lsing},
  title     = {{XMSS} -- A Practical Forward Secure Signature Scheme Based
               on Minimal Security Assumptions},
  booktitle = {Post-Quantum Cryptography -- {PQC}rypto 2011},
  publisher = {Springer},
  series    = {Lecture Notes in Computer Science},
  volume    = {7071},
  year      = {2011},
  pages     = {117--129},
  editor    = {Bo-Yin Yang},
}

@inproceedings{buchman-dahmen-klintsevich-okeya-vuillaume,
  author    = {Johannes Buchmann and
               Erik Dahmen and
               Elena Klintsevich and
               Katsuyuki Okeya and
               Camille Vuillaume},
  title     = {{M}erkle Signatures with Virtually Unlimited Signature Capacity},
  booktitle = {Applied Cryptography and Network Security -- {ACNS} 2007},
  year      = {2007},
  pages     = {31--45},
  publisher = {Springer},
  series    = {Lecture Notes in Computer Science},
  volume    = {4521},
}

@inproceedings{buchmann-dahmen-schneider,
    author =        {Buchmann, Johannes and Dahmen, Erik and Schneider, Michael},
    title =         {{M}erkle Tree Traversal Revisited},
    booktitle =     {Post-Quantum Cryptography -- {PQC}rypto 2008},
    editor =        {Buchmann, Johannes and Ding, Jintai},
    series =        {Lecture Notes in Computer Science},
    volume =        {5299},
    publisher =     {Springer},
    year =          {2008},
    pages =         {63--78},
}

@inproceedings{dahmen-krauss,
  author    = {Erik Dahmen and
               Christoph Krau{\ss}},
  title     = {Short Hash-Based Signatures for Wireless Sensor Networks},
  booktitle = {Cryptology and Network Security -- {CANS} 2009},
  year      = {2009},
  pages     = {463--476},
  publisher = {Springer},
  series    = {Lecture Notes in Computer Science},
  volume    = {5888},
}

@inproceedings{dahmen-okeya-takagi-vuillaume,
    author =        {Erik Dahmen and Katsuyuki Okeya and Tsuyoshi Takagi and Camille Vuillaume},
    title =         {Digital Signatures Out of Second-Preimage Resistant Hash Functions},
    booktitle =     {Post-Quantum Cryptography -- {PQC}rypto 2008},
    editor =        {Buchmann, Johannes and Ding, Jintai},
    series =        {Lecture Notes in Computer Science},
    volume =        {5299},
    publisher =     {Springer},
    year =          {2008},
    pages =         {109--123},
}

@inproceedings{eisenbarth-maurich-ye,
    author =        "Thomas Eisenbarth and Ingo von Maurich and Xin Ye",
    title =         "Faster Hash-based Signatures with Bounded Leakage",
    booktitle =     "Selected Areas in Cryptography -- {SAC} 2013",
    series =        "Lecture Notes in Computer Science",
    publisher =     "Springer",
    year =          "2013",
    note =          "To appear",
}

@Inproceedings{hoffstein-pipher-silverman,
    author =        "J.~Hoffstein and J.~Pipher and J.~H.~Silverman",
    title =         "{NTRU}: A new high speed public key cryptosystem",
    booktitle =     "Algorithmic Number Theory Symposium -- {ANTS} {III}",
    series =        "Lecture Notes in Computer Science",
    volume =        "1423",
    publisher =     "Springer",
    year =          "1998",
    pages =         "267--288",
}

@inproceedings{huelsing,
  author    = {Andreas H{\"u}lsing},
  title     = {{W-OTS+} -- Shorter Signatures for Hash-Based Signature Schemes},
  booktitle = {Progress in Cryptology -- {A}fricacrypt 2013},
  series    = {Lecture Notes in Computer Science},
  volume    = {7918},
  year      = {2013},
  pages     = {173--188},
  publisher = {Springer},
}

@inproceedings{misoczki-sendrier-tillich-barreto,
    author =        "R.~Misoczki and N.~Sendrier and J.-P.~Tilllich and P.~S.~L.~M.~Barreto",
	booktitle =	    {{IEEE} International Symposium on Information Theory -- {ISIT} 2013}, 
    title =         "{MDPC}-{M}c{E}liece: New {M}c{E}liece Variants from Moderate Density Parity-Check Codes",
    year =          "2013",
    publisher =     "IEEE",
    note =          {To appear},
}

@inproceedings{rohde-eisenbarth-dahmen-buchmann-paar,
    author =        "Sebastian Rohde and Thomas Eisenbarth and Erik Dahmen and Johannes Buchmann and Christof Paar",
    title =         "Fast Hash-Based Signatures on Constrained Devices",
    booktitle =     "International Conference on Smart Card Research and Advanced Applications -- {CARDIS} 2008",
    editor =        "G. Grimaud and F.-X. Standaert",
    series =        "Lecture Notes in Computer Science",
    volume =        "5189",
    publisher =     "Springer",
    year =          "2008",
    pages =         "104--117",
}

@article{yuval,
    author =        "Yuval, G.",
    title =         "How To Swindle {R}abin",
    journal =       "Cryptologia",
    volume =        "3",
    issue =         "3",
    year =          "1979",
    pages =         "187--190",
}
